%YAML 1.1
%TAG !u! tag:unity3d.com,2011:
--- !u!1001 &100100000
Prefab:
  m_ObjectHideFlags: 1
  serializedVersion: 2
  m_Modification:
    m_TransformParent: {fileID: 0}
    m_Modifications: []
    m_RemovedComponents: []
  m_SourcePrefab: {fileID: 0}
  m_RootGameObject: {fileID: 1371529541643354}
  m_IsPrefabAsset: 1
--- !u!1 &1371529541643354
GameObject:
  m_ObjectHideFlags: 0
  m_CorrespondingSourceObject: {fileID: 0}
  m_PrefabInternal: {fileID: 100100000}
  serializedVersion: 6
  m_Component:
  - component: {fileID: 4868772343294340}
  - component: {fileID: 114685317123560132}
  m_Layer: 0
  m_Name: ArkPrefab
  m_TagString: Untagged
  m_Icon: {fileID: 0}
  m_NavMeshLayer: 0
  m_StaticEditorFlags: 0
  m_IsActive: 1
--- !u!1 &1522386106432358
GameObject:
  m_ObjectHideFlags: 0
  m_CorrespondingSourceObject: {fileID: 0}
  m_PrefabInternal: {fileID: 100100000}
  serializedVersion: 6
  m_Component:
  - component: {fileID: 4920369406044838}
  - component: {fileID: 212314617053501202}
  - component: {fileID: 50374976207672062}
  - component: {fileID: 114480846545090646}
  - component: {fileID: 114802101719604048}
  - component: {fileID: 114216775969004024}
  - component: {fileID: 58607855957867816}
  - component: {fileID: 114922626406292596}
  m_Layer: 0
  m_Name: MainScript
  m_TagString: Untagged
  m_Icon: {fileID: 0}
  m_NavMeshLayer: 0
  m_StaticEditorFlags: 0
  m_IsActive: 1
--- !u!4 &4868772343294340
Transform:
  m_ObjectHideFlags: 1
  m_CorrespondingSourceObject: {fileID: 0}
  m_PrefabInternal: {fileID: 100100000}
  m_GameObject: {fileID: 1371529541643354}
  m_LocalRotation: {x: 0, y: 0, z: 0, w: 1}
  m_LocalPosition: {x: 0, y: 0, z: 0}
  m_LocalScale: {x: 1, y: 1, z: 1}
  m_Children:
  - {fileID: 4920369406044838}
  m_Father: {fileID: 0}
  m_RootOrder: 0
  m_LocalEulerAnglesHint: {x: 0, y: 0, z: 0}
--- !u!4 &4920369406044838
Transform:
  m_ObjectHideFlags: 1
  m_CorrespondingSourceObject: {fileID: 0}
  m_PrefabInternal: {fileID: 100100000}
  m_GameObject: {fileID: 1522386106432358}
  m_LocalRotation: {x: 0, y: 0, z: 0, w: 1}
  m_LocalPosition: {x: 3.23, y: 5.87, z: 0}
  m_LocalScale: {x: 1, y: 1, z: 1}
  m_Children: []
  m_Father: {fileID: 4868772343294340}
  m_RootOrder: 0
  m_LocalEulerAnglesHint: {x: 0, y: 0, z: 0}
--- !u!50 &50374976207672062
Rigidbody2D:
  serializedVersion: 4
  m_ObjectHideFlags: 1
  m_CorrespondingSourceObject: {fileID: 0}
  m_PrefabInternal: {fileID: 100100000}
  m_GameObject: {fileID: 1522386106432358}
  m_BodyType: 0
  m_Simulated: 1
  m_UseFullKinematicContacts: 0
  m_UseAutoMass: 0
  m_Mass: 1
  m_LinearDrag: 0
  m_AngularDrag: 0
  m_GravityScale: 0
  m_Material: {fileID: 0}
  m_Interpolate: 0
  m_SleepingMode: 1
  m_CollisionDetection: 0
  m_Constraints: 0
--- !u!58 &58607855957867816
CircleCollider2D:
  m_ObjectHideFlags: 1
  m_CorrespondingSourceObject: {fileID: 0}
  m_PrefabInternal: {fileID: 100100000}
  m_GameObject: {fileID: 1522386106432358}
  m_Enabled: 1
  m_Density: 1
  m_Material: {fileID: 0}
  m_IsTrigger: 0
  m_UsedByEffector: 0
  m_UsedByComposite: 0
  m_Offset: {x: 0, y: 0}
  serializedVersion: 2
  m_Radius: 0.68
--- !u!114 &114216775969004024
MonoBehaviour:
  m_ObjectHideFlags: 1
  m_CorrespondingSourceObject: {fileID: 0}
  m_PrefabInternal: {fileID: 100100000}
  m_GameObject: {fileID: 1522386106432358}
  m_Enabled: 1
  m_EditorHideFlags: 0
  m_Script: {fileID: 11500000, guid: d8581d90e20d0ea41aeb12d7d709e459, type: 3}
  m_Name: 
  m_EditorClassIdentifier: 
  player: {fileID: 0}
  playercombat: {fileID: 0}
  tempHudPlayerObject: {fileID: 0}
  enemy:
    currentHealth: 0
    maxHealth: 0
    particle: {fileID: 1030867654606334, guid: 1c300e15ca8946a4fbd154ed064dce50, type: 2}
    enemyType: 0
    stunTime: 0
    impairmentWeakness: 0
    color: {r: 0, g: 0, b: 0, a: 0}
    blinkSprite: {fileID: 0}
    damageTextPrefab: {fileID: 1307997988904136, guid: bb52667d8253a8843961a8b20e5e7c6b,
      type: 2}
    isBoss: 0
  enemyStats: {fileID: 114480846545090646}
  progress: {fileID: 0}
  currentLevel: 0
  damageTextList: []
--- !u!114 &114480846545090646
MonoBehaviour:
  m_ObjectHideFlags: 1
  m_CorrespondingSourceObject: {fileID: 0}
  m_PrefabInternal: {fileID: 100100000}
  m_GameObject: {fileID: 1522386106432358}
  m_Enabled: 1
  m_EditorHideFlags: 0
  m_Script: {fileID: 11500000, guid: e86b3248c0e2f74448332090badf71b0, type: 3}
  m_Name: 
  m_EditorClassIdentifier: 
  serializationData:
    SerializedFormat: 2
    SerializedBytes: 
    ReferencedUnityObjects: []
    SerializedBytesString: 
    Prefab: {fileID: 0}
    PrefabModificationsReferencedUnityObjects: []
    PrefabModifications: []
    SerializationNodes: []
  _energyConsumption: 0
  _maxHealth: 250
  _enemyDamage: 15
  hp: 0
--- !u!114 &114685317123560132
MonoBehaviour:
  m_ObjectHideFlags: 1
  m_CorrespondingSourceObject: {fileID: 0}
  m_PrefabInternal: {fileID: 100100000}
  m_GameObject: {fileID: 1371529541643354}
  m_Enabled: 1
  m_EditorHideFlags: 0
  m_Script: {fileID: 11500000, guid: 503a25be133d27d47b4bb8159255d5c2, type: 3}
  m_Name: 
  m_EditorClassIdentifier: 
--- !u!114 &114802101719604048
MonoBehaviour:
  m_ObjectHideFlags: 1
  m_CorrespondingSourceObject: {fileID: 0}
  m_PrefabInternal: {fileID: 100100000}
  m_GameObject: {fileID: 1522386106432358}
  m_Enabled: 1
  m_EditorHideFlags: 0
  m_Script: {fileID: 11500000, guid: d4ac5e0e54593da43bf7cb80d4bf9122, type: 3}
  m_Name: 
  m_EditorClassIdentifier: 
  arcEnemyDetails:
    speed: 1
    rb: {fileID: 0}
    aggroRange: 10
    stopRange: 5
    rotation: {x: 0, y: 0}
    rotationSlerpSpeed: 5
    directionVector3: {x: 0, y: 0, z: 0}
  arcShotController:
    shotsCooldown: 1
    delayBetweenSeries: 1
    numberOfSeries: 5
    numberOfShots: 9
    bulletSpeed: 10
    frontRadius: 45
    waitTimeBeforeShot: 0.5
  flags:
    inRange: 0
    wallBetween: 0
    inSeries: 0
  player: {fileID: 0}
  enemyHolder: {fileID: 1371529541643354}
  bullet: {fileID: 1541588674956892, guid: 5bc4db9227481c149b8005acb3a10fb3, type: 2}
  arcEnemyStats: {fileID: 0}
  playerTagName: Player
  wallLayerMask:
    serializedVersion: 2
    m_Bits: 2147483648
--- !u!114 &114922626406292596
MonoBehaviour:
  m_ObjectHideFlags: 1
  m_CorrespondingSourceObject: {fileID: 0}
  m_PrefabInternal: {fileID: 100100000}
  m_GameObject: {fileID: 1522386106432358}
  m_Enabled: 1
  m_EditorHideFlags: 0
  m_Script: {fileID: 11500000, guid: 1d1a60477c5c8b34f8d7d88b9d808b0e, type: 3}
  m_Name: 
  m_EditorClassIdentifier: 
  itemDatabase: {fileID: 0}
  itemRef:
    id: 0
    name: 
    image: {fileID: 0}
    itemType: 0
    width: 0
    height: 0
    x: 0
    y: 0
    description: 
  itemSpawnGameObject: {fileID: 1783605055068656, guid: 18853585245141d4085561fc7843cacb,
    type: 2}
  itemList:
  - itemName: Test Gun
    itemType: 0
    itemDropRarity: 30
  - itemName: Test Shotgun
    itemType: 0
    itemDropRarity: 10
  - itemName: Test Raygun
    itemType: 0
    itemDropRarity: 5
  - itemName: Test Armor
    itemType: 0
    itemDropRarity: 10
  - itemName: Test Helmet
    itemType: 0
    itemDropRarity: 12
  - itemName: Test Shoe
    itemType: 0
    itemDropRarity: 9
  - itemName: Test Gloves
    itemType: 0
    itemDropRarity: 8
  dropRate: 70
--- !u!212 &212314617053501202
SpriteRenderer:
  m_ObjectHideFlags: 1
  m_CorrespondingSourceObject: {fileID: 0}
  m_PrefabInternal: {fileID: 100100000}
  m_GameObject: {fileID: 1522386106432358}
  m_Enabled: 1
  m_CastShadows: 0
  m_ReceiveShadows: 0
  m_DynamicOccludee: 1
  m_MotionVectors: 1
  m_LightProbeUsage: 1
  m_ReflectionProbeUsage: 1
  m_RenderingLayerMask: 4294967295
  m_Materials:
  - {fileID: 10754, guid: 0000000000000000f000000000000000, type: 0}
  m_StaticBatchInfo:
    firstSubMesh: 0
    subMeshCount: 0
  m_StaticBatchRoot: {fileID: 0}
  m_ProbeAnchor: {fileID: 0}
  m_LightProbeVolumeOverride: {fileID: 0}
  m_ScaleInLightmap: 1
  m_PreserveUVs: 0
  m_IgnoreNormalsForChartDetection: 0
  m_ImportantGI: 0
  m_StitchLightmapSeams: 0
  m_SelectedEditorRenderState: 0
  m_MinimumChartSize: 4
  m_AutoUVMaxDistance: 0.5
  m_AutoUVMaxAngle: 89
  m_LightmapParameters: {fileID: 0}
  m_SortingLayerID: 0
  m_SortingLayer: 0
  m_SortingOrder: 0
  m_Sprite: {fileID: 21300000, guid: f7bdb6ea229019e4a8bd778d1c0cbe4d, type: 3}
  m_Color: {r: 1, g: 1, b: 1, a: 1}
  m_FlipX: 0
  m_FlipY: 0
  m_DrawMode: 0
  m_Size: {x: 1.36, y: 1.36}
  m_AdaptiveModeThreshold: 0.5
  m_SpriteTileMode: 0
  m_WasSpriteAssigned: 1
  m_MaskInteraction: 0
  m_SpriteSortPoint: 0
